@article{Balke2021,
  title = {Monitoring Tidal Hydrology in Coastal Wetlands with the “{{Mini Buoy}}”: Applications for Mangrove Restoration},
  author = {Balke, Thorsten and Vovides, Alejandra and Schwarz, Christian and Chmura, Gail L. and Ladd, Cai and Basyuni, Mohammad},
  year = {2021},
  journaltitle = {Hydrology and Earth System Sciences},
  volume = {25},
  number = {3},
  pages = {1229--1244},
  issn = {1027-5606},
  doi = {10.5194/hess-25-1229-2021},
  url = {https://hess.copernicus.org/articles/25/1229/2021/},
}

@article{Ladd2024,
  title = {Monitoring Tides, Currents, and Waves along Coastal Habitats Using the {{Mini Buoy}}},
  author = {Ladd, Cai J. T. and Vovides, Alejandra G. and Wimmler, Marie-Christin and Schwarz, Christian and Balke, Thorsten},
  year = {2024},
  journaltitle = {Limnology and Oceanography: Methods},
  volume = {n/a},
  number = {n/a},
  pages = {n/a},
  issn = {1541-5856},
  doi = {10.1002/lom3.10631},
  url = {https://onlinelibrary.wiley.com/doi/abs/10.1002/lom3.10631},
}


